@article{DBLP:journals/corr/SosicKZK16,
  author    = {Adrian Sosic and
               Wasiur R. KhudaBukhsh and
               Abdelhak M. Zoubir and
               Heinz Koeppl},
  title     = {Inverse Reinforcement Learning in Swarm Systems},
  journal   = {CoRR},
  volume    = {abs/1602.05450},
  year      = {2016},
  url       = {http://arxiv.org/abs/1602.05450},
  eprinttype = {arXiv},
  eprint    = {1602.05450},
  timestamp = {Mon, 13 Aug 2018 16:48:25 +0200},
  biburl    = {https://dblp.org/rec/journals/corr/SosicKZK16.bib},
  bibsource = {dblp computer science bibliography, https://dblp.org}
}

@inproceedings{DBLP:conf/atal/TumerA07,
  author    = {Kagan Tumer and
               Adrian K. Agogino},
  _editor    = {Edmund H. Durfee and
               Makoto Yokoo and
               Michael N. Huhns and
               Onn Shehory},
  title     = {Distributed agent-based air traffic flow management},
  _booktitle = {6th International Joint Conference on Autonomous Agents and Multiagent
               Systems {(AAMAS} 2007), Honolulu, Hawaii, USA, May 14-18, 2007},
  pages     = {255},
  publisher = {{IFAAMAS}},
  year      = {2007},
  url       = {https://doi.org/10.1145/1329125.1329434},
  _doi       = {10.1145/1329125.1329434},
  timestamp = {Tue, 06 Nov 2018 16:59:09 +0100},
  biburl    = {https://dblp.org/rec/conf/atal/TumerA07.bib},
  bibsource = {dblp computer science bibliography, https://dblp.org}
}

@inproceedings{DBLP:conf/icse/DAngeloGGGNPT19,
  author    = {Mirko D'Angelo and
               Simos Gerasimou and
               Sona Ghahremani and
               Johannes Grohmann and
               Ingrid Nunes and
               Evangelos Pournaras and
               Sven Tomforde},
  _editor    = {Marin Litoiu and
               Siobh{\'{a}}n Clarke and
               Kenji Tei},
  title     = {On learning in collective self-adaptive systems: state of practice
               and a 3D framework},
  _booktitle = {Proceedings of the 14th International Symposium on Software Engineering
               for Adaptive and Self-Managing Systems, SEAMS@ICSE 2019, Montreal,
               QC, Canada, May 25-31, 2019},
  pages     = {13--24},
  publisher = {{ACM}},
  year      = {2019},
  url       = {https://doi.org/10.1109/SEAMS.2019.00012},
  _doi       = {10.1109/SEAMS.2019.00012},
  timestamp = {Wed, 16 Oct 2019 14:14:49 +0200},
  biburl    = {https://dblp.org/rec/conf/icse/DAngeloGGGNPT19.bib},
  bibsource = {dblp computer science bibliography, https://dblp.org}
}

@inproceedings{DBLP:conf/atal/TumerAW02,
  author    = {Kagan Tumer and
               Adrian K. Agogino and
               David H. Wolpert},
  title     = {Learning sequences of actions in collectives of autonomous agents},
  _booktitle = {The First International Joint Conference on Autonomous Agents {\&}
               Multiagent Systems, {AAMAS} 2002, July 15-19, 2002, Bologna, Italy,
               Proceedings},
  pages     = {378--385},
  publisher = {{ACM}},
  year      = {2002},
  url       = {https://doi.org/10.1145/544741.544832},
  _doi       = {10.1145/544741.544832},
  timestamp = {Tue, 06 Nov 2018 16:59:09 +0100},
  biburl    = {https://dblp.org/rec/conf/atal/TumerAW02.bib},
  bibsource = {dblp computer science bibliography, https://dblp.org}
}

@inproceedings{DBLP:conf/iros/WangS06,
  author    = {Ying Wang and
               Clarence W. de Silva},
  title     = {Multi-robot Box-pushing: Single-Agent Q-Learning vs. Team Q-Learning},
  _booktitle = {2006 {IEEE/RSJ} International Conference on Intelligent Robots and
               Systems, {IROS} 2006, October 9-15, 2006, Beijing, China},
  pages     = {3694--3699},
  publisher = {{IEEE}},
  year      = {2006},
  url       = {https://doi.org/10.1109/IROS.2006.281729},
  _doi       = {10.1109/IROS.2006.281729},
  timestamp = {Wed, 20 Jan 2021 13:56:38 +0100},
  biburl    = {https://dblp.org/rec/conf/iros/WangS06.bib},
  bibsource = {dblp computer science bibliography, https://dblp.org}
}

@inproceedings{matignon2007hysteretic,
  title={Hysteretic q-learning: an algorithm for decentralized reinforcement learning in cooperative multi-agent teams},
  author={Matignon, La{\"e}titia and Laurent, Guillaume J and Le Fort-Piat, Nadine},
  _booktitle={2007 IEEE/RSJ International Conference on Intelligent Robots and Systems},
  pages={64--69},
  year={2007},
  url       = {https://doi.org/10.1109/IROS.2007.4399095},
  publisher = {{IEEE}},
  biburl = {https://dblp.org/rec/conf/iros/MatignonLF07.bib},
}

@article{DBLP:journals/corr/abs-1807-01281,
  author    = {Max Jaderberg and
               Wojciech M. Czarnecki and
               Iain Dunning and
               Luke Marris and
               Guy Lever and
               Antonio Garc{\'{\i}}a Casta{\~{n}}eda and
               Charles Beattie and
               Neil C. Rabinowitz and
               Ari S. Morcos and
               Avraham Ruderman and
               Nicolas Sonnerat and
               Tim Green and
               Louise Deason and
               Joel Z. Leibo and
               David Silver and
               Demis Hassabis and
               Koray Kavukcuoglu and
               Thore Graepel},
  title     = {Human-level performance in first-person multiplayer games with population-based
               deep reinforcement learning},
  journal   = {CoRR},
  volume    = {abs/1807.01281},
  year      = {2018},
  url       = {http://arxiv.org/abs/1807.01281},
  eprinttype = {arXiv},
  eprint    = {1807.01281},
  timestamp = {Mon, 13 Aug 2018 16:48:08 +0200},
  _biburl    = {https://dblp.org/rec/journals/corr/abs-1807-01281.bib},
  bibsource = {dblp computer science bibliography, https://dblp.org}
}

@article{DBLP:journals/tsp/KarMP13,
  author    = {Soummya Kar and
               Jos{\'{e}} M. F. Moura and
               H. Vincent Poor},
  title     = {QD-Learning: {A} Collaborative Distributed Strategy for Multi-Agent
               Reinforcement Learning Through \emph{Consensus} + \emph{Innovations}},
  journal   = {{IEEE} Trans. Signal Process.},
  volume    = {61},
  number    = {7},
  pages     = {1848--1862},
  year      = {2013},
  url       = {https://doi.org/10.1109/TSP.2013.2241057},
  _doi       = {10.1109/TSP.2013.2241057},
  timestamp = {Tue, 10 Mar 2020 10:55:14 +0100},
  biburl    = {https://dblp.org/rec/journals/tsp/KarMP13.bib},
  bibsource = {dblp computer science bibliography, https://dblp.org}
}

@inproceedings{DBLP:conf/icml/Tan93,
  author    = {Ming Tan},
  editor    = {Paul E. Utgoff},
  title     = {Multi-Agent Reinforcement Learning: Independent versus Cooperative
               Agents},
  _booktitle = {Machine Learning, Proceedings of the Tenth International Conference,
               University of Massachusetts, Amherst, MA, USA, June 27-29, 1993},
  pages     = {330--337},
  publisher = {Morgan Kaufmann},
  year      = {1993},
  url       = {https://doi.org/10.1016/b978-1-55860-307-3.50049-6},
  doi       = {10.1016/b978-1-55860-307-3.50049-6},
  timestamp = {Mon, 24 Jun 2019 15:47:45 +0200},
  biburl    = {https://dblp.org/rec/conf/icml/Tan93.bib},
  bibsource = {dblp computer science bibliography, https://dblp.org}
}

@book{zai2020deep,
  title={Deep reinforcement learning in action},
  author={Zai, Alexander and Brown, Brandon},
  year={2020},
  publisher={Manning Publications}
}

@inproceedings{DBLP:conf/icml/OmidshafieiPAHV17,
  author    = {Shayegan Omidshafiei and
               Jason Pazis and
               Christopher Amato and
               Jonathan P. How and
               John Vian},
  _editor    = {Doina Precup and
               Yee Whye Teh},
  title     = {Deep Decentralized Multi-task Multi-Agent Reinforcement Learning under
               Partial Observability},
  _booktitle = {Proceedings of the 34th International Conference on Machine Learning,
               {ICML} 2017, Sydney, NSW, Australia, 6-11 August 2017},
  series    = {Proceedings of Machine Learning Research},
  volume    = {70},
  pages     = {2681--2690},
  publisher = {{PMLR}},
  year      = {2017},
  url       = {http://proceedings.mlr.press/v70/omidshafiei17a.html},
  timestamp = {Wed, 29 May 2019 08:41:45 +0200},
  biburl    = {https://dblp.org/rec/conf/icml/OmidshafieiPAHV17.bib},
  bibsource = {dblp computer science bibliography, https://dblp.org}
}